
@book{khan2015handbook,
  title={Handbook on Data Centers},
  author={Khan, Samee Ullah and Zomaya, Albert Y},
  year={2015},
  publisher={Springer}
}

@inproceedings{tahiliani2012tcp,
  title={TCP variants for data center networks: a comparative study},
  author={Tahiliani, Rohit P and Tahiliani, Mohit P and Sekaran, K Chandra},
  booktitle={Cloud and Services Computing (ISCOS), 2012 International Symposium on},
  pages={57--62},
  year={2012},
  organization={IEEE}
}

